<record><leader>00000cas a2200000 a 4500</leader><controlfield tag="001">30598859</controlfield><controlfield tag="007">hd bfu---baat</controlfield><controlfield tag="007">hd afu---bact</controlfield><controlfield tag="008">940613d19301944nbuwr nea     0    0eng c</controlfield><datafield ind1=" " ind2=" " tag="010"><subfield code="a">sn 94055283 </subfield></datafield><datafield ind1=" " ind2=" " tag="040"><subfield code="a">NVG</subfield><subfield code="b">eng</subfield><subfield code="c">NVG</subfield><subfield code="d">OCLCQ</subfield><subfield code="d">OCLCF</subfield><subfield code="d">OCLCO</subfield><subfield code="d">OCLCQ</subfield></datafield><datafield ind1=" " ind2=" " tag="042"><subfield code="a">pcc</subfield></datafield><datafield ind1=" " ind2=" " tag="043"><subfield code="a">n-us-nb</subfield></datafield><datafield ind1="0" ind2=" " tag="130"><subfield code="a">Hebron register (Hebron, Neb. : 1930)</subfield></datafield><datafield ind1="1" ind2="4" tag="245"><subfield code="a">The Hebron register.</subfield></datafield><datafield ind1=" " ind2=" " tag="260"><subfield code="a">Hebron, Neb. :</subfield><subfield code="b">Will Long,</subfield><subfield code="c">1930-1944.</subfield></datafield><datafield ind1=" " ind2=" " tag="300"><subfield code="a">12 volumes</subfield></datafield><datafield ind1=" " ind2=" " tag="310"><subfield code="a">Weekly</subfield></datafield><datafield ind1=" " ind2=" " tag="336"><subfield code="a">text</subfield><subfield code="b">txt</subfield><subfield code="2">rdacontent</subfield></datafield><datafield ind1=" " ind2=" " tag="337"><subfield code="a">microform</subfield><subfield code="b">h</subfield><subfield code="2">rdamedia</subfield></datafield><datafield ind1=" " ind2=" " tag="338"><subfield code="a">microfilm reel</subfield><subfield code="b">hd</subfield><subfield code="2">rdacarrier</subfield></datafield><datafield ind1="0" ind2=" " tag="362"><subfield code="a">Vol. 48, no. 36 (Aug. 28, 1930)-v. 59, no. 9 (Feb. 2, 1944).</subfield></datafield><datafield ind1=" " ind2=" " tag="580"><subfield code="a">Merged with: Hebron journal, to form: Hebron journal-register.</subfield></datafield><datafield ind1=" " ind2=" " tag="533"><subfield code="a">Microfilm.</subfield><subfield code="m">Aug. 28,1930-Feb,2.1944:[Lacks July 21,1941]</subfield><subfield code="b">Lincoln, Neb. :</subfield><subfield code="c">Nebraska State Historical Society.</subfield><subfield code="e">9 microfilm reels : negative ; 35 mm.</subfield></datafield><datafield ind1=" " ind2="0" tag="651"><subfield code="a">Thayer County (Neb.)</subfield><subfield code="v">Newspapers.</subfield></datafield><datafield ind1=" " ind2="7" tag="651"><subfield code="a">Nebraska</subfield><subfield code="z">Thayer County.</subfield><subfield code="2">fast</subfield><subfield code="0">(OCoLC)fst01255512</subfield></datafield><datafield ind1=" " ind2="7" tag="655"><subfield code="a">Newspapers.</subfield><subfield code="2">fast</subfield><subfield code="0">(OCoLC)fst01423814</subfield></datafield><datafield ind1=" " ind2=" " tag="752"><subfield code="a">United States</subfield><subfield code="b">Nebraska</subfield><subfield code="c">Thayer</subfield><subfield code="d">Hebron.</subfield></datafield><datafield ind1="0" ind2="0" tag="780"><subfield code="t">Register-champion</subfield><subfield code="w">(DLC)sn 94055280</subfield></datafield><datafield ind1="1" ind2="7" tag="785"><subfield code="t">Hebron journal</subfield><subfield code="w">(DLC)sn 94055288</subfield></datafield><datafield ind1="1" ind2="7" tag="785"><subfield code="t">Hebron journal-register</subfield><subfield code="w">(DLC)sn 94055284</subfield></datafield><datafield ind1="1" ind2=" " tag="029"><subfield code="a">AU@</subfield><subfield code="b">000025890284</subfield></datafield></record>